@misc{Levensthein,
author = "Michael Gilleland",
title = "Levenshtein Distance, in Three Flavors",
note = "\url{http://people.cs.pitt.edu/~kirk/cs1501/Pruhs/Fall2006/Assignments/editdistance/Levenshtein%20Distance.htm}, stav z 2.1.2016"
}

@misc{Levensthein_java,
author = "Jose Luis",
title = "Easy to understand Dynamic Programming – Edit distance",
note = "\url{http://www.javacodegeeks.com/2014/03/easy-to-understand-dynamic-programming-edit-distance.html}, stav z 2.1.2016"
}

@misc{GCD,
author = "",
title = "Great-circle Distance",
note = "\url{https://en.wikipedia.org/wiki/Great-circle_distance}, stav z 2.1.2016"
}

========================================

@misc{GoogleAE,
    author  = "",
    title   = "Google App Engine",
    note    = "\url{http://code.google.com/appengine/}, stav z 17.\,11.\,2010"
}

@misc{GoogleImages,
    author  = "",
    title   = "Google Images",
    note    = "\url{http://images.google.com/}, stav z 17.\,11.\,2010"
}

@misc{official,
    author  = "{Jiří Chadima a Jiří Mašek}",
    title   = "Projekt na serveru github.com",
    note    = "\url{https://github.com/jirik8887/fit-vmw-ws10-102-27/}, stav z 17.\,11.\,2010"
}

@misc{liveApp,
    author  = "{Jiří Chadima a Jiří Mašek}",
    title   = "Živá aplikace",
    note    = "\url{https://fit-vmw-ws10-102-27.appspot.com/}, stav z 17.\,11.\,2010"
}

@misc{flickrj,
    author  = "",
    title   = "flickrj",
    note    = "\url{http://flickrj.sourceforge.net}, stav z 17.\,11.\,2010"
}

@misc{flickr,
    author  = "",
    title   = "Flickr",
    note    = "\url{http://www.flickr.com}, stav z 17.\,11.\,2010"
}

@misc{Dersch,
    author  = "Helmut Dersch",
    title   = "{JPEG Decoder}",
    note    = "\url{http://jcs.mobile-utopia.com/jcs/33411_JPEGDecoder.java}, stav z 17.\,11.\,2010"
}

@Article{Mueller2k9,
	author = {Matt Mueller},
	title = {Piximilar: Image by Color},
	year = {2009},
	note = "\url{http://mattmueller.me/Piximilar/paper.pdf}, stav z 21.\,11.\,2010"
}

